@BOOK{someone,
AUTHOR = "John Doe",
TITLE = "Some title",
PUBLISHER = "Drivo Company",
ADDRESS = "Silicon Valley",
YEAR = "2019"
}
