@ONLINE{udrights,
	URLDATE = "2019-01-26",
	URL = "https://www.un.org/en/universal-declaration-human-rights/",
	TITLE = {{Universal Declaration of Human Rights | United Nations}}
}
@ONLINE{consumerreport,
	URLDATE = "2019-02-02",
	URL = "https://www.consumersinternational.org/media/155133/gdpr-briefing.pdf",
	TITLE = {{The state of data protection rules around the world}},
	SUBTITLE = {{A briefing FOR CONSUMER ORGANISATIONS}}
}
@ARTICLE{louveaux,
	AUTHOR = "Sophie Louveaux",
	YEAR = "2016", 
	TITLE = {{Big data and the new {EU} data protection Regulation}},
	PAGES = "7",
	URLDATE = "2019-01-31",
	URL = "https://www.ema.europa.eu/documents/presentation/presentation-big-data-new-european-union-data-protection-regulation-role-big-data-healthcare-sophie_en.pdf"
}
@ARTICLE{harbinja2,
	AUTHOR = "Edina Harbinja",
	YEAR = "2017", 
	TITLE = {{Post-mortem privacy 2.0: theory, law, and technology}},
	JOURNAL = "International Review of Law, Computers \& Technology",
	PAGES = "26-42",
	NUMBER = "Vol. 31, Issue 1",
	DOI = "10.1080/13600869.2017.1275116"
}
@ARTICLE{buitelaar,
	AUTHOR = "J. C. Buitelaar",
	YEAR = "2017", 
	TITLE = {{Post-mortem privacy and informational self-determination}},
	JOURNAL = "Ethics Inf Technol",
	PAGES = "129-142",
	NUMBER = "Vol. 19, Issue 2",
	DOI = "10.1007/s10676-017-9421-9"
}
@ONLINE{oxford,
  	URLDATE = "2019-02-02",
	URL = "https://en.oxforddictionaries.com/definition/take_the_(or_one's_etc.)_secret_to_the_grave",
	TITLE = {{Definition of take the (or one's etc.) secret to the grave in English by Oxford Dictionaries}}
}
@ONLINE{duden,
  	URLDATE = "2019-02-02",
	URL = "https://www.duden.de/rechtschreibung/Grab",
	TITLE = {{Duden | Grab | Rechtschreibung, Bedeutung, Definition, Synonyme, Herkunft}}
}
@ONLINE{larousse,
	URLDATE = "2019-02-02",
	URL = "https://www.larousse.fr/dictionnaires/francais/emporter/28992/locution?q=emporter+un+secret+dans+la+tombe#155137",
	TITLE = {{Expressions : emporter - Dictionnaire de français Larousse}}
}
@ONLINE{wsjp,
	URLDATE = "2019-02-02",
	URL = "http://www.wsjp.pl/do_druku.php?id_hasla=8109&id_znaczenia=5022237",
	TITLE = ""
}
@INBOOK{kafka,
	AUTHOR = "Richie Robertson",
	TITLE = {{Biographical Preface}},
	PAGES = "ix",
	YEAR = "2009",
	BOOKTITLE = {{The Castle}},
	BOOKAUTHOR = "Franz Kafka",
	ADDRESS = "New York",
	PUBLISHER = "Oxford University Press",
	ISBN = "978–0–19–923828–6"
}
@BOOK{brod,
	AUTHOR = "Max Brod", 
	YEAR = "1960",
	TITLE = {{Franz Kafka: A Biography}},
	ADDRESS = "New York",
	PUBLISHER = "Schocken Books",
	PAGES = "214",
	ISBN = "978-0-8052-0047-8",
	URL = "https://archive.org/details/franzkafkabiogra00brod/page/214"
}
@BOOK{borges,
	AUTHOR = "Jorge Luis Borges", 
	YEAR = "2001",
	TITLE = {{The Book of Sand and Shakespeare's Memory}},
	PUBLISHER = "Penguin Classics",
	ISBN = "978-0-14-118382-4",
}
@ONLINE{dore,
	URL = "https://en.wikipedia.org/wiki/Bluebeard\#/media/File:Barbebleue.jpg",
	TITLE = {{Bluebeard, his wife, and the keys in a 19th-century illustration by Gustave Doré}}
}
@MASTERSTHESIS{keiser,
	AUTHOR = "Tammy Keiser", 
	YEAR = "2010",
	TITLE = {{Bela Bartok's Bluebeard's Castle}},
	SCHOOL = "University of Kansas. Theatre and the Graduate Faculty",
	URL = "https://kuscholarworks.ku.edu/bitstream/handle/1808/8139/Keiser_ku_0099M_11291_DATA_1.pdf",
}
@ARTICLE{sophie-calle,
	AUTHOR = "Alexxa Gotthardt",
	YEAR = "2017",
	MONTH = "5",
	TITLE = {{In Green-Wood Cemetery, Sophie Calle Invites You to Bury Your Secrets}},
	URL = "https://www.artsy.net/article/artsy-editorial-sophie-calle-will-secrets-grave"
}
@ONLINE{marr,
    AUTHOR = "Bernard Marr",
	TITLE = {{How Much Data Do We Create Every Day? The Mind-Blowing Stats Everyone Should Read}},
	URLDATE = "2019-02-02",
	URL = "https://www.forbes.com/sites/bernardmarr/2018/05/21/how-much-data-do-we-create-every-day-the-mind-blowing-stats-everyone-should-read/"
}
@ARTICLE{like,
    AUTHOR = "Levorashka and Utz and Ambros",
	YEAR = "2016",
	TITLE = {{What’s in a Like? Motivations for Pressing the Like Button}},
	PUBLISHER = "Association for the Advancement of Artificial Intelligence",
	URLDATE = "2019-02-02",
	URL = "https://www.aaai.org/ocs/index.php/ICWSM/ICWSM16/paper/download/13022/12812"
}
@ONLINE{datascience,
    URLDATE = "2019-02-02",
	URL = "https://www.datasciencegraduateprograms.com/social-media/",
	TITLE = {{Data Science in Social Media | The Application of Data Science to Social Media}}
}
@ONLINE{longbet,
    URLDATE = "2019-01-25",
	URL = "http://longbets.org/1/",
	TITLE = {{02002-02029 (27 years): By 2029 no computer - or "machine intelligence" - will have passed the Turing Test. - Long Bets}}
}
@ONLINE{microsoft,
    URLDATE = "2019-01-29",
	URL = "https://news.microsoft.com/features/microsofts-ai-vision-rooted-in-research-conversations/",
	TITLE = {{Microsoft’s AI vision, rooted in research, conversations}},
	AUTHOR = "Aimee Riordan",
	DAY = "13",
	MONTH = "12",
	YEAR = "2016"
}
@ARTICLE{fbbots,
    AUTHOR = "Mike Lewis and others",
	YEAR = "2017",
	TITLE = {{Deal or No Deal? End-to-End Learning for Negotiation Dialogues}}, 
	DOI = "arXiv:1706.05125"
}
@ONLINE{blackmirror,
    URLDATE = "2019-01-25",
	URL = "https://en.wikipedia.org/wiki/Be_Right_Back",
	TITLE = {{Be Right Back}}
}
@ONLINE{collins,
    URLDATE = "2019-01-31",
	URL = "https://www.collinsdictionary.com/dictionary/english/de-mortuis-nil-nisi-bonum",
	TITLE = {{Definition of 'de mortuis nil nisi bonum'}}
}
@BOOK{freud,
	AUTHOR = "Sigmund Freud",
	YEAR = "1918",
	TITLE = {{Reflections on war and death}},
	ADDRESS = "New York",
	PUBLISHER = "Moffat, Yard and company",
	PAGES = "48",
	URL = "https://archive.org/details/reflectionsonwa00kuttgoog/page/n54"
}
@ONLINE{angstrom,
    AUTHOR = "Rebecka Cedering Ångström",
	YEAR = "2017",
	MONTH = "11",
	DAY = "20",
	TITLE = {{What are you doing about post-mortem privacy?}},
	URLDATE = "2019-01-30",
	URL = "https://www.ericsson.com/en/blog/2017/11/what-are-you-doing-about-post-mortem-privacy"
}
@ARTICLE{bostrom,
    AUTHOR = "Nick Bostrom",
	YEAR = "2003",
	TITLE = {{Are you living in a computer simulation?}},
	JOURNAL = "Philosophical Quarterly",
	NUMBER = "Vol. 53, No. 211",
	PAGES = "243-255",
	URL = "https://simulation-argument.com/simulation.pdf"
}
@ARTICLE{winter,
    AUTHOR = "Stephen Winter",
	YEAR = "2010",
	TITLE = {{Against posthumous rights}},
	JOURNAL = "Journal of Applied Philosophy",
	NUMBER = "27(2)",
	PAGES = "192",
	DOI = "10.1111/j.1468-5930.2009.00477.x"
}
@BOOK{leroy,
    AUTHOR = "Roger LeRoy Miller",
	YEAR = "2011",
	TITLE = {{Business Law Today: The Essentials}},
	PUBLISHER = "South-Western Cengage Learning",
	ADDRESS = "United States",
	PAGES = "127",
	ISBN = "1-133-19135-5",
	URLDATE = "2019-01-31",
	URL = "https://en.wikipedia.org/wiki/Defamation#cite_note-1"
}
@BOOK{caravaggio,
    AUTHOR = "Giovanni Baglione",
	YEAR = "1642",
	TITLE = {{Life of Caravaggio}},
	URLDATE = "2019-01-30",
	URL = "https://web.archive.org/web/20131101063913/http://caravaggio.com/preview/attach/data01/D000001.htm#"
}
@BOOK{rousseau,
    AUTHOR = "Jean Jacques Rousseau",
	YEAR = "1782",
	TITLE = {{The Confessions}},
	URLDATE = "2019-01-30",
	URL = "https://www.gutenberg.org/files/3913/3913-h/3913-h.htm"
}
@BOOK{vonbraun,
    AUTHOR = "Michael Neufeld",
	YEAR = "2007",
	TITLE = {{Von Braun Dreamer of Space Engineer of War}},
	ADDRESS = "New York",
	PUBLISHER = "Alfred A. Knopf",
	ISBN = "978-0-307-26292-9",
	URLDATE = "2019-01-30",
	URL = "https://en.wikipedia.org/wiki/Wernher_von_Braun#cite_note-Neufeld_2007-21"
}
@BOOK{jefferson,
    AUTHOR = "Merrill D. Peterson",
	YEAR = "1960",
	TITLE = {{The Jefferson Image in the American Mind}},
	PUBLISHER = "University of Virginia Press",
	ISBN = "0813918510",
	URLDATE = "2019-01-30",
	URL = "https://en.wikipedia.org/wiki/Thomas_Jefferson#cite_note-392"
}
@ONLINE{einstein-notes,
    URLDATE = "2019-01-25",
	URL = "https://einsteinpapers.press.princeton.edu/about",
	TITLE = "About"
}
@ARTICLE{einstein-inspiration,
    AUTHOR = "Amanda Gefter",
	YEAR = "2016",
	MONTH = "12",
	DAY = "1",
    TITLE = {{When Einstein Tilted at Windmills}},
	URLDATE = "2019-25-01", 
	URL = "http://nautil.us/issue/43/heroes/when-einstein-tilted-at-windmills"
}
@BOOK{einstein,
    AUTHOR = "Albert Einstein",
	TITLE = {{The Collected Papers of Albert Einstein}},
	NUMBER = "Volume 2, The Swiss Years: Writings, 1900-1909",
	ADDRESS = "Princeton",
	PUBLISHER = "Princeton University Press",
	PAGES = "p. 171",
	ISBN = "0-691-08549-8",
	NOTES = "Jan 31, 2019",
	URL = "https://einsteinpapers.press.princeton.edu/vol2-trans/185"
}
@ONLINE{facebook,
    URLDATE = "2019-01-26",
	URL = "https://www.statista.com/statistics/264810/number-of-monthly-active-facebook-users-worldwide/",
	TITLE = {{Number of monthly active Facebook users worldwide as of 4th quarter 2018 (in millions}}
}
@ONLINE{wp,
    URLDATE = "2019-01-26",
	URL = "https://www.un.org/development/desa/en/news/population/world-population-prospects-2017.html",
	TITLE = {{World population projected to reach 9.8 billion in 2050, and 11.2 billion in 2100}},
	DAY = "21",
	MONTH = "6",
	YEAR = "2017",
	ADDRESS = "New York"
}
@ONLINE{statista2,
    URLDATE = "2019-02-02",
	URL = "https://www.statista.com/statistics/263441/global-smartphone-shipments-forecast/",
	TITLE = {{Global smartphone shipments forecast from 2010 to 2022 (in million units)}}
}
@PHDTHESIS{quattrone,
    AUTHOR = "Anthony Quattrone",
	YEAR = "2016",
	TITLE = {{Inferring Sensitive Information from Seemingly Innocuous Smartphone Data}},
	PUBLISHER = "The University of Melbourne, Australia. Department of Computing and Information Systems",
	URLDATE = "2019-02-02",
	URL = "https://minerva-access.unimelb.edu.au/handle/11343/129167"
}
@BOOK{polya,
    AUTHOR = "George Pólya",
	YEAR   = "1957",
	TITLE  = "How to Solve It",
	PUBLISHER = "Princeton University Press",
	PAGES = "91",
	ISBN = "978-0-691-11966-3",
	URL = "https://www.amazon.co.uk/How-Solve-Aspect-Mathematical-Method-ebook/dp/B0073X0IOA"
}
@MISC{calc,
    NOTE = "$\lfloor 3 * (70 * 365 * 24 * 60 * 60 * \frac{32\text{ b}}{8 * 10^9}) \rfloor = 26$ GB"
}
@ONLINE{grabianowski,
    AUTHOR = "Ed Grabianowski",
	TITLE = {{Do you lose the right to privacy when you die?}},
	PAGES = "2-3",
	URLDATE = "2019-01-30",
	URL = "https://people.howstuffworks.com/lose-right-to-privacy-when-you-die1.htm"
}
@ARTICLE{harbinja,
    AUTHOR = "Edina Harbinja",
	MONTH  = "4",
	YEAR   = "2013",
	TITLE  = "Does the EU data protection regime protect post-mortem privacy and what could be the potential alternatives?",
	JOURNAL = "SCRIPTed",
	DOI  	= "10.2966/scrip.100113.19"
}
